@article{zhuѓ2002learning,
	title={Learning from labeled and unlabeled data with label propagation},
	author={ZhuЃ, Xiaojin and GhahramaniЃн, Zoubin},
	year={2002},
	publisher={Citeseer}
}

@inproceedings{grover2016node2vec,
	title={node2vec: Scalable feature learning for networks},
	author={Grover, Aditya and Leskovec, Jure},
	booktitle={Proceedings of the 22nd ACM SIGKDD international conference on Knowledge discovery and data mining},
	pages={855--864},
	year={2016}
}

@inproceedings{chen2020simple,
	title={Simple and deep graph convolutional networks},
	author={Chen, Ming and Wei, Zhewei and Huang, Zengfeng and Ding, Bolin and Li, Yaliang},
	booktitle={International Conference on Machine Learning},
	pages={1725--1735},
	year={2020},
	organization={PMLR}
}

@article{rong2019dropedge,
	title={Dropedge: Towards deep graph convolutional networks on node classification},
	author={Rong, Yu and Huang, Wenbing and Xu, Tingyang and Huang, Junzhou},
	journal={arXiv preprint arXiv:1907.10903},
	year={2019}
}

@inproceedings{xu2018representation,
	title={Representation learning on graphs with jumping knowledge networks},
	author={Xu, Keyulu and Li, Chengtao and Tian, Yonglong and Sonobe, Tomohiro and Kawarabayashi, Ken-ichi and Jegelka, Stefanie},
	booktitle={International Conference on Machine Learning},
	pages={5453--5462},
	year={2018},
	organization={PMLR}
}

@article{kipf2016semi,
	title={Semi-supervised classification with graph convolutional networks},
	author={Kipf, Thomas N and Welling, Max},
	journal={arXiv preprint arXiv:1609.02907},
	year={2016}
}

@inproceedings{hamilton2017inductive,
	title={Inductive representation learning on large graphs},
	author={Hamilton, William L and Ying, Rex and Leskovec, Jure},
	booktitle={Proceedings of the 31st International Conference on Neural Information Processing Systems},
	pages={1025--1035},
	year={2017}
}

@article{velivckovic2017graph,
	title={Graph attention networks},
	author={Veli{\v{c}}kovi{\'c}, Petar and Cucurull, Guillem and Casanova, Arantxa and Romero, Adriana and Lio, Pietro and Bengio, Yoshua},
	journal={arXiv preprint arXiv:1710.10903},
	year={2017}
}

@article{foret2020sharpness,
	title={Sharpness-aware minimization for efficiently improving generalization},
	author={Foret, Pierre and Kleiner, Ariel and Mobahi, Hossein and Neyshabur, Behnam},
	journal={arXiv preprint arXiv:2010.01412},
	year={2020}
}

@article{kipf2016variational,
	title={Variational graph auto-encoders},
	author={Kipf, Thomas N and Welling, Max},
	journal={arXiv preprint arXiv:1611.07308},
	year={2016}
}

@article{xu2018spherical,
	title={Spherical latent spaces for stable variational autoencoders},
	author={Xu, Jiacheng and Durrett, Greg},
	journal={arXiv preprint arXiv:1808.10805},
	year={2018}
}

@inproceedings{fey2018splinecnn,
	title={Splinecnn: Fast geometric deep learning with continuous b-spline kernels},
	author={Fey, Matthias and Lenssen, Jan Eric and Weichert, Frank and M{\"u}ller, Heinrich},
	booktitle={Proceedings of the IEEE Conference on Computer Vision and Pattern Recognition},
	pages={869--877},
	year={2018}
} 

@article{huang2020combining,
	title={Combining label propagation and simple models out-performs graph neural networks},
	author={Huang, Qian and He, Horace and Singh, Abhay and Lim, Ser-Nam and Benson, Austin R},
	journal={arXiv preprint arXiv:2010.13993},
	year={2020}
}

@article{oono2019asymptotic,
	title={On asymptotic behaviors of graph cnns from dynamical systems perspective},
	author={Oono, Kenta and Suzuki, Taiji},
	year={2019}
}

@inproceedings{izadi2020optimization,
	title={Optimization of graph neural networks with natural gradient descent},
	author={Izadi, Mohammad Rasool and Fang, Yihao and Stevenson, Robert and Lin, Lizhen},
	booktitle={2020 IEEE International Conference on Big Data (Big Data)},
	pages={171--179},
	year={2020},
	organization={IEEE}
}

@article{levy2014neural,
	title={Neural word embedding as implicit matrix factorization},
	author={Levy, Omer and Goldberg, Yoav},
	journal={Advances in neural information processing systems},
	volume={27},
	pages={2177--2185},
	year={2014}
}

@inproceedings{martens2015optimizing,
	title={Optimizing neural networks with kronecker-factored approximate curvature},
	author={Martens, James and Grosse, Roger},
	booktitle={International conference on machine learning},
	pages={2408--2417},
	year={2015},
	organization={PMLR}
}

@article{davidson2018hyperspherical,
	title={Hyperspherical variational auto-encoders},
	author={Davidson, Tim R and Falorsi, Luca and De Cao, Nicola and Kipf, Thomas and Tomczak, Jakub M},
	journal={arXiv preprint arXiv:1804.00891},
	year={2018}
}

@article{xu2018spherical,
	title={Spherical latent spaces for stable variational autoencoders},
	author={Xu, Jiacheng and Durrett, Greg},
	journal={arXiv preprint arXiv:1808.10805},
	year={2018}
}

@inproceedings{huang2017densely,
	title={Densely connected convolutional networks},
	author={Huang, Gao and Liu, Zhuang and Van Der Maaten, Laurens and Weinberger, Kilian Q},
	booktitle={Proceedings of the IEEE conference on computer vision and pattern recognition},
	pages={4700--4708},
	year={2017}
}

@article{bowman2015generating,
	title={Generating sentences from a continuous space},
	author={Bowman, Samuel R and Vilnis, Luke and Vinyals, Oriol and Dai, Andrew M and Jozefowicz, Rafal and Bengio, Samy},
	journal={arXiv preprint arXiv:1511.06349},
	year={2015}
}

@article{pan2018adversarially,
	title={Adversarially regularized graph autoencoder for graph embedding},
	author={Pan, Shirui and Hu, Ruiqi and Long, Guodong and Jiang, Jing and Yao, Lina and Zhang, Chengqi},
	journal={arXiv preprint arXiv:1802.04407},
	year={2018}
}

@inproceedings{he2016deep,
	title={Deep residual learning for image recognition},
	author={He, Kaiming and Zhang, Xiangyu and Ren, Shaoqing and Sun, Jian},
	booktitle={Proceedings of the IEEE conference on computer vision and pattern recognition},
	pages={770--778},
	year={2016}
}

@article{blondel2008fast,
	title={Fast unfolding of communities in large networks},
	author={Blondel, Vincent D and Guillaume, Jean-Loup and Lambiotte, Renaud and Lefebvre, Etienne},
	journal={Journal of statistical mechanics: theory and experiment},
	volume={2008},
	number={10},
	pages={P10008},
	year={2008},
	publisher={IOP Publishing}
}

@article{rosvall2009map,
	title={The map equation},
	author={Rosvall, Martin and Axelsson, Daniel and Bergstrom, Carl T},
	journal={The European Physical Journal Special Topics},
	volume={178},
	number={1},
	pages={13--23},
	year={2009},
	publisher={Springer}
}